@ARTICLE{rezk01css,
  author = {Rezk, Charles},
  title = {A model for the homotopy theory of homotopy theory},
  journal = {Trans. Amer. Math. Soc.},
  year = {2001},
  volume = {353},
  pages = {973--1007 (electronic)},
  number = {3},
  coden = {TAMTAM},
  eprint = {arXiv:math.AT/9811037},
  fjournal = {Transactions of the American Mathematical Society},
  issn = {0002-9947}
}

@Unpublished{bsp12infncats,
  author = 	 {Clark Barwick and Christopher Schommer-Pries},
  title = 	 {On the Unicity of the Homotopy Theory of Higher Categories},
  note = 	 {arXiv:1112.0040}}

@INCOLLECTION{hs:gpd-typethy,
  author = {Hofmann, Martin and Streicher, Thomas},
  title = {The groupoid interpretation of type theory},
  booktitle = {Twenty-five years of constructive type theory ({V}enice, 1995)},
  publisher = {Oxford Univ. Press},
  year = {1998},
  volume = {36},
  series = {Oxford Logic Guides},
  pages = {83--111},
  address = {New York},
  mrclass = {03B15 (68N15 68Q55)},
  mrnumber = {MR1686862}
}

